@article{davies2009computational,
  title={A computational model of visual analogies in design},
  author={Davies, Jim and Goel, Ashok K and Nersessian, Nancy J},
  journal={Cognitive Systems Research},
  volume={10},
  number={3},
  pages={204--215},
  year={2009},
  publisher={Elsevier}
}

@article{casakin1999expertise,
  title={Expertise and the use of visual analogy: Implications for design education},
  author={Casakin, Hernan and Goldschmidt, Gabriela},
  journal={Design Studies},
  volume={20},
  number={2},
  pages={153--175},
  year={1999},
  publisher={Elsevier}
}

@article{craig2001perceptual,
	title="Perceptual simulation and analogical reasoning in design",
	author="David Latch {Craig}",
	journal="",
	year="2001"
}

@inproceedings{davies2001visual,
  title={Visual analogy in problem solving},
  author={Davies, Jim and Goel, Ashok K},
  booktitle={IJCAI},
  pages={377--384},
  year={2001}
}

@article{duncker1926qualitative,
  title={A qualitative (experimental and theoretical) study of productive thinking (solving of comprehensible problems)},
  author={Duncker, Karl},
  journal={The Pedagogical Seminary and Journal of Genetic Psychology},
  volume={33},
  number={4},
  pages={642--708},
  year={1926},
  publisher={Taylor \& Francis}
}

@article{gick1980analogical,
  title={Analogical problem solving},
  author={Gick, Mary L and Holyoak, Keith J},
  journal={Cognitive psychology},
  volume={12},
  number={3},
  pages={306--355},
  year={1980},
  publisher={Elsevier}
}


@phdthesis{davies2004constructive,
  title={Constructive adaptive visual analogy},
  author={Davies, Jim},
  year={2004},
  school={Georgia Institute of Technology}
}

@inproceedings{daviesvisual,
  title={Visual analogy in problem solving},
  author={Davies, Jim and Goel, Ashok K},
  booktitle={IJCAI},
  pages={377--384},
  year={2001}
}

@article{davies2007transfer,
  title={Transfer of problem-solving strategy using Covlan},
  author={Davies, Jim and Goel, Ashok K},
  journal={Journal of Visual Languages \& Computing},
  volume={18},
  number={2},
  pages={149--164},
  year={2007},
  publisher={Elsevier}
}

